@article{doi:10.1007/s00468-023-02431-3,
author = {Younger, Seth E. and Monda, Lauren G. and Jackson, C. Rhett and Blake, J. and Aubrey, Doug P.},
title = {Little vertical and circumferential variations in stem xylem water δ2H and δ18O in three tree species},
journal = {Trees},
volume = {n/a},
number = {n/a},
pages = {},
keywords = {Isotope hydrology, Xylem anatomy, Isotope fractionation, Within tree isotope variability, Ecohydrology},
doi = {10.1007/s00468-023-02431-3},
url = {https://rdcu.be/dgZnY},
eprint = {https://link.springer.com/article/10.1007/s00468-023-02431-3#citeas},
abstract = {}