@article{Caldwell_et_al:2018,
	title = {Woody bioenergy crop selection can have large effects on water yield: A southeastern United States case study},
	journal = {Biomass and Bioenergy},
	volume = {117},
	pages = {180 - 189},
	year = {2018},
	issn = {0961-9534},
	doi = {https://doi.org/10.1016/j.biombioe.2018.07.021},
	url = {http://www.sciencedirect.com/science/article/pii/S0961953418301910},
	author = {P.V. Caldwell and C.R. Jackson and C.F. Miniat and S.E. Younger and J.A. Vining and J.J. McDonnell and D.P. Aubrey},
	keywords = {Short-rotation woody crops, Biomass, Water balance, Evapotranspiration, Loblolly pine, Sweetgum},
}
