% Encoding: UTF-8

@Article{,
  author  = {Menberu B. Meles, Seth E. Younger, C. Rhett Jackson, Enhao Du, Damion Drover},
  title   = {Wetness Index based on Landscape position and Topography (WILT): Modifying the TWI using parameters related to landscape positions},
  journal = {Journal of Environmental Management},
  year    = {2019},
  volume  = {1},
  number  = {1},
}

@Comment{jabref-meta: databaseType:bibtex;}
